@article{spitzner2003honeynet,
  title={The honeynet project: Trapping the hackers},
  author={Spitzner, Lance},
  journal={IEEE Security \& Privacy},
  volume={1},
  number={2},
  pages={15--23},
  year={2003},
  publisher={IEEE}
}

@inproceedings{visoottiviseth2011distributed,
  title={Distributed honeypot log management and visualization of attacker geographical distribution},
  author={Visoottiviseth, Vasaka and Jaralrungroj, Uttapol and Phoomrungraungsuk, Ekkachai and Kultanon, Pongpak},
  booktitle={2011 Eighth International Joint Conference on Computer Science and Software Engineering (JCSSE)},
  pages={23--28},
  year={2011},
  organization={IEEE}
}